@article{DBLP:journals/corr/abs-1807-00459,
  author     = {Eugene Bagdasaryan and
                Andreas Veit and
                Yiqing Hua and
                Deborah Estrin and
                Vitaly Shmatikov},
  title      = {How To Backdoor Federated Learning},
  journal    = {CoRR},
  volume     = {abs/1807.00459},
  year       = {2018},
  url        = {http://arxiv.org/abs/1807.00459},
  eprinttype = {arXiv},
  eprint     = {1807.00459},
  timestamp  = {Mon, 13 Aug 2018 16:48:10 +0200},
  biburl     = {https://dblp.org/rec/journals/corr/abs-1807-00459.bib},
  bibsource  = {dblp computer science bibliography, https://dblp.org}
}

@misc{enwiki:1053047561,
  author = {{Wikipedia contributors}},
  title  = {Receiver operating characteristic --- {Wikipedia}{,} The Free Encyclopedia},
  year   = {2021},
  url    = {https://en.wikipedia.org/w/index.php?title=Receiver_operating_characteristic&oldid=1053047561},
  note   = {[Online; accessed 5-November-2021]}
}

@misc{fate_2019,
  title   = {FATE},
  url     = {https://fate.fedai.org/},
  journal = {Fate},
  year    = {2019},
  month   = {Oct}
}